@inproceedings{strens2000bayesian,
    author = {Malcolm Strens},
    title = {A Bayesian framework for reinforcement learning},
    booktitle = {Proceedings of the 17th International Conference on Machine Learning (ICML)},
    year = {2000}
}
